% This file was created with Citavi 5.5.0.1

@article{Laukkanen.2017,
 abstract = {Information and Software Technology, 82 (2016) 55-79. doi:10.1016/j.infsof.2016.10.001},
 author = {Laukkanen, Eero and Itkonen, Juha and Lassenius, Casper},
 year = {2017},
 title = {Problems, causes and solutions when adopting continuous delivery---A systematic literature review},
 keywords = {Continuous delivery;Continuous deployment;Continuous integration;Continuous integration,Continuous delivery,Continuous deployment,Systematic literature review;Systematic literature review},
 urldate = {21.12.2017},
 pages = {55--79},
 volume = {82},
 issn = {09505849},
 journal = {Information and Software Technology},
 doi = {10.1016/j.infsof.2016.10.001}
}


